@misc{fizetesNelkuliSzabadsag,
	author = {dr. Kozma-Fecske Ivett},
	title = {Mit kell tudni a fizetés nélküli szabadságról?},
	year = {2020}, 
	howpublished = {\newline\url{https://ado.hu/munkaugyek/mit-kell-tudni-a-fizetes-nelkuli-szabadsagrol-2}}
}

@misc{fizetettSzabadsag,
	author = {dr. Babati Szabolcs},
	title = {A munka törvénykönyve szabadságra vonatkozó rendelkezései},
	year = {2013}, 
	howpublished = {\newline\url{https://www.kormanyhivatal.hu/download/1/af/60000/A%20munka%20t%C3%B6rv%C3%A9nyk%C3%B6nyve%20szabads%C3%A1gra%20vonatkoz%C3%B3%20rendelkez%C3%A9sei.pdf}}
}

@misc{alapszabadsag,
	author = {F.P.},
	title = {Fizetett szabadság 2021. év szabályai, kiadása},
	year = {2020}, 
	howpublished = {\newline\url{https://www.mosthallottam.hu/hasznos_info/fizetett-szabadsag-2021-ev-szabalyai-kiadasa/}}
}

@misc{idoaranyosszabadsag,
	author =       {Dr. Pál Lajos},
	title =        {A szabadság elszámolásának egyes kérdései},
	journal =      {A munka világa},
	volume =       {2018/3},
	pages =        {28--32},
	year =         {2018},
	howpublished = {\newline\url{https://munkajogilap.hu/a-szabadsag-elszamolasanak-egyes-kerdesei/}}
}

@misc{idoranyosSzamolasPelda,
	author =       {dr. Kovács Szabolcs},
	title =        {A szabadság számítása tört év esetén},
	journal =      {Wolters Kluwer, Munkaügyek rovat},
	year =         {2016},
	howpublished = {\newline \url{https://ado.hu/munkaugyek/a-szabadsag-szamitasa-tort-ev-eseten/}}
}

@misc{szabadsagFelhasznalasa,
	author = {Dr. Faragó Máté},
	title = {A szabadság kiadásának szabályai},
	year = {2019}, 
	howpublished = {\newline\url{http://www.mkpartners.eu/hu/?mod=news&cla=news&fun=shownews&id=107&temp=base}}
}

@misc{kozalkalmazottiSzabadsag,
	author={Magyarország kormánya},
	title={1992. évi XXXIII. törvény a közalkalmazottak jogállásáról},
	year={1992},
	howpublished={\newline\url{https://net.jogtar.hu/jogszabaly?docid=99200033.tv}}
}

@misc{freshworkswebsite,
	author    = {freshworks Company},
	title     = {freshworks, freshteam weboldal},
	howpublished={\newline\url{https://www.freshworks.com/hrms/}}
}

@misc{leavedateswebsite,
	author    = {Leave Dates Company},
	title     = {leavedates weboldal},
	howpublished={\newline\url{https://www.leavedates.com/}}
}

@misc{annualleavewebsite,
	author    = {AnnualLeave Company},
	title     = {AnnualLeave weboldal},
	howpublished={\newline\url{https://annualleave.com/}}
}

@misc{calamariwebsite,
	author    = {Calamari sp. z o.o. sp. k.},
	title     = {Calamari weboldal},
	howpublished={\newline\url{https://calamari.io/leave-management}}
}

@misc{hatekonysagwebsite,
	author    = {Till Zoltán},
	title     = {Szabadság tervező és nyilvántartó},
	howpublished={\newline\url{http://www.hatekonysag.hu/hr_szabadsagok.php}}
}

@misc{excelmestergwebsite,
	author    = {excelmester},
	title     = {Szabadság tervező nyilvántartó excel táblázat program 1},
	howpublished={\newline\url{https://excelmester.hu/k-excel-tablazat-letoltesek/szabadsag-tervezo-nyilvantarto-excel-tablazat-program-1/}}
}

@misc{hrmasterwebsite,
	author    = {Evolution Consulting Kft.},
	title     = {HRmaster},
	howpublished={\newline\url{https://hrmaster.hu/termek}}
}

@misc{predorwebsite,
	author    = {Leviathan Solutions Kft.},
	title     = {PREDOR},
	howpublished={\newline\url{https://www.predor.hu/Home/Megoldasaink}}
}

@misc{verziokezeles,
	author={Ismeretlen},
	title={Verziókezelés},
	year={2021},
	howpublished={\newline\url{https://hu.wikipedia.org/wiki/Verzi%C3%B3kezel%C3%A9s}}
}

@misc{svn,
	author={Ismeretlen},
	title={Apache Subversion},
	year={2020},
	howpublished={\newline\url{https://hu.wikipedia.org/wiki/Apache_Subversion}}
}

@misc{git,
	author={Ismeretlen},
	title={Git},
	year={2020},
	howpublished={\newline\url{https://hu.wikipedia.org/wiki/Git}}
}

@misc{java,
	author={Ismeretlen},
	title={Java (programozási nyelv)},
	year={2021},
	howpublished={\newline\url{https://hu.wikipedia.org/wiki/Java_(programoz%C3%A1si_nyelv)}}
}

@misc{maven,
	author={Ismeretlen},
	title={Apache Maven},
	year={2021},
	howpublished={\newline\url{https://hu.wikipedia.org/wiki/Apache_Maven}}
}

@misc{spring,
	author={Ismeretlen},
	title={Spring keretrendszer},
	year={2020},
	howpublished={\newline\url{https://hu.wikipedia.org/wiki/Spring_keretrendszer}}
}

@misc{ioc,
	author={Ismeretlen},
	title={A kontroll megfordítása},
	year={2021},
	howpublished={\newline\url{https://hu.wikipedia.org/wiki/A_kontroll_megford%C3%ADt%C3%A1sa}}
}

@misc{liquibase,
	author={Adorján Botond},
	title={Adatbázisok verziókövetése Liquibase és Liquiface segítségével},
	year={2013},
	howpublished={\newline\url{http://weblabor.hu/cikkek/adatbazisok-verziokovetese}}
}

@misc{orm,
	author={Ismeretlen},
	title={Objektum-relációs leképzés},
	year={2019},
	howpublished={\newline\url{https://hu.wikipedia.org/wiki/Objektum-rel%C3%A1ci%C3%B3s_lek%C3%A9pz%C3%A9s}}
}

@misc{mvc,
	author={Ismeretlen},
	title={Modell-nézet-vezérlő},
	year={2021},
	howpublished={\newline\url{https://hu.wikipedia.org/wiki/Modell-n%C3%A9zet-vez%C3%A9rl%C5%91}}
}

@misc{unittest,
	author={Ismeretlen},
	title={Egységtesztelés},
	year={2020},
	howpublished={\newline\url{https://hu.wikipedia.org/wiki/Egys%C3%A9gtesztel%C3%A9s}}
}

@book{cleanCode,
	author    = {Robert C. Martin},
	title     = {Clean Code : A Handbook of Agile Software Craftsmanship},
	year      = {2009},
	publisher = {Pearson Education (US)},
	address   = {Upper Saddle River, NJ, United States}
}

@misc{CICD,
	author={Ismeretlen},
	title={CI/CD},
	year={2019},
	howpublished={\newline\url{https://hu.wikipedia.org/wiki/CI/CD}}
}

@misc{flowable,
	author={Flowable AG},
	title={Flowable Open Source Documentation},
	year={2020},
	howpublished={\newline\url{https://flowable.com/open-source/docs/form/ch02-Configuration/}}
}

@misc{lombok,
	author={The Project Lombok Authors},
	title={Project Lombok},
	year={2009},
	howpublished={\newline\url{https://projectlombok.org/}}
}